@article{Johnson2025,
    title = {Human interpretable grammar encodes multicellular systems biology
             models to democratize virtual cell laboratories},
    volume = {188},
    ISSN = {0092-8674},
    url = {http://dx.doi.org/10.1016/j.cell.2025.06.048},
    DOI = {10.1016/j.cell.2025.06.048},
    number = {17},
    journal = {Cell},
    publisher = {Elsevier BV},
    author = {Johnson, Jeanette A.I. and Bergman, Daniel R. and Rocha, Heber L.
              and Zhou, David L. and Cramer, Eric and Mclean, Ian C. and Dance,
              Yoseph W. and Booth, Max and Nicholas, Zachary and Lopez-Vidal,
              Tamara and Deshpande, Atul and Heiland, Randy and Bucher, Elmar and
              Shojaeian, Fatemeh and Dunworth, Matthew and Forjaz, André and Getz
              , Michael and Godet, In\^es and Kurtoglu, Furkan and Lyman, Melissa
              and Metzcar, John and Mitchell, Jacob T. and Raddatz, Andrew and
              Solorzano, Jacobo and Sundus, Aneequa and Wang, Yafei and DeNardo,
              David G. and Ewald, Andrew J. and Gilkes, Daniele M. and Kagohara,
              Luciane T. and Kiemen, Ashley L. and Thompson, Elizabeth D. and
              Wirtz, Denis and Wood, Laura D. and Wu, Pei-Hsun and Zaidi, Neeha
              and Zheng, Lei and Zimmerman, Jacquelyn W. and Phillip, Jude M. and
              Jaffee, Elizabeth M. and Gray, Joe W. and Coussens, Lisa M. and
              Chang, Young Hwan and Heiser, Laura M. and Stein-O’Brien, Genevieve
              L. and Fertig, Elana J. and Macklin, Paul},
    year = {2025},
    month = aug,
    pages = {4711--4733.e37},
}

@article{Pleyer2023,
    title = {Agent-based models in cellular systems},
    volume = {10},
    ISSN = {2296-424X},
    url = {http://dx.doi.org/10.3389/fphy.2022.968409},
    DOI = {10.3389/fphy.2022.968409},
    journal = {Frontiers in Physics},
    publisher = {Frontiers Media SA},
    author = {Pleyer, Jonas and Fleck, Christian},
    year = {2023},
    month = jan,
}

@article{Pleyer2025,
    doi = {10.21105/joss.07723},
    url = {https://doi.org/10.21105/joss.07723},
    year = {2025},
    publisher = {The Open Journal},
    volume = {10},
    number = {110},
    pages = {7723},
    author = {Jonas Pleyer and Christian Fleck},
    title = {cellular\_raza: Cellular Agent-based Modeling from a Clean Slate},
    journal = {Journal of Open Source Software},
}
